%YAML 1.1
%TAG !u! tag:unity3d.com,2011:
--- !u!1 &7445065104212567422
GameObject:
  m_ObjectHideFlags: 0
  m_CorrespondingSourceObject: {fileID: 0}
  m_PrefabInstance: {fileID: 0}
  m_PrefabAsset: {fileID: 0}
  serializedVersion: 6
  m_Component:
  - component: {fileID: 7445065104212567417}
  m_Layer: 0
  m_Name: PiezaMapa
  m_TagString: Untagged
  m_Icon: {fileID: 0}
  m_NavMeshLayer: 0
  m_StaticEditorFlags: 0
  m_IsActive: 1
--- !u!4 &7445065104212567417
Transform:
  m_ObjectHideFlags: 0
  m_CorrespondingSourceObject: {fileID: 0}
  m_PrefabInstance: {fileID: 0}
  m_PrefabAsset: {fileID: 0}
  m_GameObject: {fileID: 7445065104212567422}
  m_LocalRotation: {x: 0, y: 0, z: 0, w: 1}
  m_LocalPosition: {x: 0, y: 0, z: 0}
  m_LocalScale: {x: 1, y: 1, z: 1}
  m_Children:
  - {fileID: 6978492795033963280}
  - {fileID: 7445065104263642528}
  m_Father: {fileID: 0}
  m_RootOrder: 0
  m_LocalEulerAnglesHint: {x: 0, y: 0, z: 0}
--- !u!1 &7445065104263642529
GameObject:
  m_ObjectHideFlags: 0
  m_CorrespondingSourceObject: {fileID: 0}
  m_PrefabInstance: {fileID: 0}
  m_PrefabAsset: {fileID: 0}
  serializedVersion: 6
  m_Component:
  - component: {fileID: 7445065104263642528}
  - component: {fileID: 7445065104263642541}
  - component: {fileID: 7445065104263642530}
  - component: {fileID: 7445065104263642531}
  m_Layer: 0
  m_Name: Sphere
  m_TagString: Untagged
  m_Icon: {fileID: 0}
  m_NavMeshLayer: 0
  m_StaticEditorFlags: 0
  m_IsActive: 1
--- !u!4 &7445065104263642528
Transform:
  m_ObjectHideFlags: 0
  m_CorrespondingSourceObject: {fileID: 0}
  m_PrefabInstance: {fileID: 0}
  m_PrefabAsset: {fileID: 0}
  m_GameObject: {fileID: 7445065104263642529}
  m_LocalRotation: {x: -0, y: -0, z: -0, w: 1}
  m_LocalPosition: {x: -19.952, y: 3.9170003, z: -1.8260002}
  m_LocalScale: {x: 4, y: 4, z: 4}
  m_Children: []
  m_Father: {fileID: 7445065104212567417}
  m_RootOrder: 1
  m_LocalEulerAnglesHint: {x: 0, y: 0, z: 0}
--- !u!33 &7445065104263642541
MeshFilter:
  m_ObjectHideFlags: 0
  m_CorrespondingSourceObject: {fileID: 0}
  m_PrefabInstance: {fileID: 0}
  m_PrefabAsset: {fileID: 0}
  m_GameObject: {fileID: 7445065104263642529}
  m_Mesh: {fileID: 10207, guid: 0000000000000000e000000000000000, type: 0}
--- !u!23 &7445065104263642530
MeshRenderer:
  m_ObjectHideFlags: 0
  m_CorrespondingSourceObject: {fileID: 0}
  m_PrefabInstance: {fileID: 0}
  m_PrefabAsset: {fileID: 0}
  m_GameObject: {fileID: 7445065104263642529}
  m_Enabled: 0
  m_CastShadows: 1
  m_ReceiveShadows: 1
  m_DynamicOccludee: 1
  m_MotionVectors: 1
  m_LightProbeUsage: 1
  m_ReflectionProbeUsage: 1
  m_RayTracingMode: 2
  m_RayTraceProcedural: 0
  m_RenderingLayerMask: 1
  m_RendererPriority: 0
  m_Materials:
  - {fileID: 10303, guid: 0000000000000000f000000000000000, type: 0}
  m_StaticBatchInfo:
    firstSubMesh: 0
    subMeshCount: 0
  m_StaticBatchRoot: {fileID: 0}
  m_ProbeAnchor: {fileID: 0}
  m_LightProbeVolumeOverride: {fileID: 0}
  m_ScaleInLightmap: 1
  m_ReceiveGI: 1
  m_PreserveUVs: 0
  m_IgnoreNormalsForChartDetection: 0
  m_ImportantGI: 0
  m_StitchLightmapSeams: 1
  m_SelectedEditorRenderState: 3
  m_MinimumChartSize: 4
  m_AutoUVMaxDistance: 0.5
  m_AutoUVMaxAngle: 89
  m_LightmapParameters: {fileID: 0}
  m_SortingLayerID: 0
  m_SortingLayer: 0
  m_SortingOrder: 0
  m_AdditionalVertexStreams: {fileID: 0}
--- !u!135 &7445065104263642531
SphereCollider:
  m_ObjectHideFlags: 0
  m_CorrespondingSourceObject: {fileID: 0}
  m_PrefabInstance: {fileID: 0}
  m_PrefabAsset: {fileID: 0}
  m_GameObject: {fileID: 7445065104263642529}
  m_Material: {fileID: 0}
  m_IsTrigger: 1
  m_Enabled: 1
  serializedVersion: 2
  m_Radius: 0.5
  m_Center: {x: 0, y: 0, z: 0}
--- !u!1001 &6336757818450500206
PrefabInstance:
  m_ObjectHideFlags: 0
  serializedVersion: 2
  m_Modification:
    m_TransformParent: {fileID: 7445065104212567417}
    m_Modifications:
    - target: {fileID: 3974489965013012862, guid: 579f9d3638b436d43acd69937407101c, type: 3}
      propertyPath: m_RootOrder
      value: 0
      objectReference: {fileID: 0}
    - target: {fileID: 3974489965013012862, guid: 579f9d3638b436d43acd69937407101c, type: 3}
      propertyPath: m_LocalPosition.x
      value: -19.96
      objectReference: {fileID: 0}
    - target: {fileID: 3974489965013012862, guid: 579f9d3638b436d43acd69937407101c, type: 3}
      propertyPath: m_LocalPosition.y
      value: 3.96
      objectReference: {fileID: 0}
    - target: {fileID: 3974489965013012862, guid: 579f9d3638b436d43acd69937407101c, type: 3}
      propertyPath: m_LocalPosition.z
      value: -1.8400002
      objectReference: {fileID: 0}
    - target: {fileID: 3974489965013012862, guid: 579f9d3638b436d43acd69937407101c, type: 3}
      propertyPath: m_LocalRotation.w
      value: 0.73409617
      objectReference: {fileID: 0}
    - target: {fileID: 3974489965013012862, guid: 579f9d3638b436d43acd69937407101c, type: 3}
      propertyPath: m_LocalRotation.x
      value: -0
      objectReference: {fileID: 0}
    - target: {fileID: 3974489965013012862, guid: 579f9d3638b436d43acd69937407101c, type: 3}
      propertyPath: m_LocalRotation.y
      value: -0.67904556
      objectReference: {fileID: 0}
    - target: {fileID: 3974489965013012862, guid: 579f9d3638b436d43acd69937407101c, type: 3}
      propertyPath: m_LocalRotation.z
      value: -0
      objectReference: {fileID: 0}
    - target: {fileID: 3974489965013012862, guid: 579f9d3638b436d43acd69937407101c, type: 3}
      propertyPath: m_LocalEulerAnglesHint.x
      value: 0
      objectReference: {fileID: 0}
    - target: {fileID: 3974489965013012862, guid: 579f9d3638b436d43acd69937407101c, type: 3}
      propertyPath: m_LocalEulerAnglesHint.y
      value: -85.538
      objectReference: {fileID: 0}
    - target: {fileID: 3974489965013012862, guid: 579f9d3638b436d43acd69937407101c, type: 3}
      propertyPath: m_LocalEulerAnglesHint.z
      value: 0
      objectReference: {fileID: 0}
    - target: {fileID: 4351578109502606276, guid: 579f9d3638b436d43acd69937407101c, type: 3}
      propertyPath: m_Name
      value: exitma
      objectReference: {fileID: 0}
    m_RemovedComponents: []
  m_SourcePrefab: {fileID: 100100000, guid: 579f9d3638b436d43acd69937407101c, type: 3}
--- !u!4 &6978492795033963280 stripped
Transform:
  m_CorrespondingSourceObject: {fileID: 3974489965013012862, guid: 579f9d3638b436d43acd69937407101c, type: 3}
  m_PrefabInstance: {fileID: 6336757818450500206}
  m_PrefabAsset: {fileID: 0}
